<record><leader>00000cas a22000007a 4500</leader><controlfield tag="001">1639803</controlfield><controlfield tag="008">750920d18941903mnuwr ne      0    0eng d</controlfield><datafield ind1=" " ind2=" " tag="010"><subfield code="a">sn 89064175 </subfield></datafield><datafield ind1=" " ind2=" " tag="040"><subfield code="a">MUL</subfield><subfield code="b">eng</subfield><subfield code="c">MUL</subfield><subfield code="d">MN#</subfield><subfield code="d">OCLCQ</subfield><subfield code="d">OCLCF</subfield><subfield code="d">OCLCO</subfield></datafield><datafield ind1="1" ind2=" " tag="029"><subfield code="a">AU@</subfield><subfield code="b">000025855074</subfield></datafield><datafield ind1=" " ind2=" " tag="042"><subfield code="a">msc</subfield></datafield><datafield ind1=" " ind2=" " tag="043"><subfield code="a">n-us-mn</subfield></datafield><datafield ind1=" " ind2=" " tag="052"><subfield code="a">4144</subfield><subfield code="b">W47</subfield></datafield><datafield ind1=" " ind2=" " tag="052"><subfield code="a">4143</subfield><subfield code="b">T7</subfield></datafield><datafield ind1="0" ind2=" " tag="130"><subfield code="a">Footprints (Wheaton, Minn.)</subfield></datafield><datafield ind1="1" ind2="4" tag="245"><subfield code="a">The footprints.</subfield></datafield><datafield ind1="1" ind2="3" tag="246"><subfield code="a">Wheaton footprints</subfield></datafield><datafield ind1=" " ind2=" " tag="260"><subfield code="a">Wheaton, Traverse County, Minn. :</subfield><subfield code="b">Footprints Pub. Co.</subfield></datafield><datafield ind1=" " ind2=" " tag="300"><subfield code="a">v.</subfield></datafield><datafield ind1=" " ind2=" " tag="310"><subfield code="a">Weekly</subfield></datafield><datafield ind1="1" ind2=" " tag="362"><subfield code="a">Began Sept. 14, 1894.</subfield></datafield><datafield ind1="0" ind2=" " tag="362"><subfield code="a">-v. 14, no. 9 (June 12, 1903).</subfield></datafield><datafield ind1=" " ind2=" " tag="530"><subfield code="a">Available on microfilm from the Minnesota Historical Society.</subfield></datafield><datafield ind1=" " ind2=" " tag="588"><subfield code="a">Description based on: Vol. 5, no. 29 (Oct. 5, 1894).</subfield></datafield><datafield ind1=" " ind2="0" tag="651"><subfield code="a">Wheaton (Minn.)</subfield><subfield code="v">Newspapers.</subfield></datafield><datafield ind1=" " ind2="7" tag="655"><subfield code="a">Newspapers.</subfield><subfield code="2">fast</subfield><subfield code="0">(OCoLC)fst01423814</subfield></datafield><datafield ind1=" " ind2="7" tag="651"><subfield code="a">Minnesota</subfield><subfield code="z">Wheaton.</subfield><subfield code="2">fast</subfield><subfield code="0">(OCoLC)fst01220154</subfield></datafield><datafield ind1=" " ind2=" " tag="752"><subfield code="a">United States</subfield><subfield code="b">Minnesota</subfield><subfield code="c">Traverse</subfield><subfield code="d">Wheaton.</subfield></datafield><datafield ind1="0" ind2="0" tag="780"><subfield code="t">Browns Valley footprints</subfield><subfield code="w">(DLC)sn 89064112</subfield></datafield><datafield ind1="0" ind2="0" tag="785"><subfield code="t">Weekly footprints</subfield><subfield code="w">(DLC)sn 89064180</subfield></datafield></record>